% Encoding: UTF-8

@Book{EMA_Barbieri,
  title         = {Elementos de Máquinas},
  publisher     = {Blucher},
  year          = {2022},
  author        = {Barbieri, Renato},
  address       = {São Paulo},
  edition       = {2},
  note          = {Descrição física},
  subtitle      = {Projeto de sistemas mecânicos},
  url           = {},
  urlaccessdate = {},
}

@online{correia_carro,
  author        = {Sild, Siim},
  title         = {Belt Drives \& Types of Belts},
  url           = {https://fractory.com/belt-drives/},
  urldate       = {2022-02-08},
  year          = {2022},
  note          = {Acesso em: 25 de Setembro de 2025}
}

@misc{calor_especifico_II,
  author       = {COSTA, Émio Cruz da and KALIKOSKI, Rudá},
  title        = {Propriedades dos alimentos perecíveis},
  howpublished = {Disponível em: <https://strrefrigeracao.com.br/downloads/calor_especifico\_II.pdf>},
  note         = {Acesso em: 23 out. 205.},
  year         = {s.d.}
}

@article{paper_referencia,
  title = {Performance characterization of small variable-capacity reciprocating compressors using a minimal dataset},
  author = {SANTOS, Guilherme Z. and RONZONI, Adriano F. and HERMES, Christian J.L.},
  journal = {International Journal of Refrigeration},
  volume = {107},
  pages = {191--201},
  year = {2019},
  doi = {10.1016/j.jjrefrig.2019.07.014}
}